<?xml version="1.0" encoding="UTF-8"?><collection xmlns="http://www.loc.gov/MARC21/slim"><record><leader>00440nam--2200145-i-4500</leader><controlfield tag="001">000023291</controlfield><controlfield tag="002">20161230</controlfield><controlfield tag="005">20161230201035</controlfield><controlfield tag="008">060222s1000------------r-----000-0-eng-d</controlfield><datafield ind1=" " ind2=" " tag="080"><subfield code="a">543.544.25</subfield></datafield><datafield ind1=" " ind2=" " tag="100"><subfield code="a">Jeffery, P.G., Kipping, P.J</subfield></datafield><datafield ind1=" " ind2=" " tag="245"><subfield code="a">Gas analysis by gas chromatography. second edition</subfield></datafield><datafield ind1=" " ind2=" " tag="260"><subfield code="a">Oxford, Pergamon Press, 1972, X + 196p</subfield></datafield><datafield ind1=" " ind2=" " tag="490"><subfield code="a">International Series Of Monographs In Analytical Chemmistry</subfield></datafield><datafield ind1=" " ind2=" " tag="852"><subfield code="a">38448</subfield></datafield></record></collection>